MY PUBLICATIONS:

@article{LFWQM2018,
author = {Lackenby, B. G. C. and Flambaum, V. V.},
title = {{Weak Quadrupole Moments}},
journal = {Journal of Physics G },
pages = {075105},
volume = {45},
year = {2018}
}
@article{LDFOg2018,
author = {Lackenby, B. G. C. and Dzuba, V. A. and Flambaum, V. V.},
title = {{Atomic structure calculations of superheavy noble element oganesson (Z=118)}},
journal = {Physical Review A},
pages = {042512},
volume = {98},
year = {2018}
}
@article{LDFSg2018,
author = {Lackenby, B. G. C. and Dzuba, V. A. and Flambaum, V. V.},
note = {},
year = {2018}
}
@article{LDFDb2018,
author = {Lackenby, B. G. C. and Dzuba, V. A. and Flambaum, V. V.},
title = {{Calculation of atomic spectra and transition amplitudes for superheavy element Db (Z=105)}},
year = {2018},
journal = {Physical Review A},
pages = {022518},
volume = {98}
}

OTHER PUBLICATIONS:
@article{DBHF2017,
author = {Dzuba, V. A. and Berengut, J. C. and Harabati, C. and Flambaum, V. V.},
file = {:home/bryce/documents/University/PhD/SHE/Papers/Dzuba2017.pdf:pdf},
journal = {Phys. Rev. A},
number = {012503},
pages = {012503},
title = {{Combining configuration interaction with perturbation theory for atoms with a large number of valence electrons}},
volume = {95},
year = {2017}
}